@inbook{doi:10.1142/9781786345400_0004,
author = {James Edwards and David Leslie},
title = {Diversity as a Response to User Preference Uncertainty},
booktitle = {Statistical Data Science},
chapter = {Chapter 4},
pages = {55-68},
doi = {10.1142/9781786345400_0004},
URL = {https://www.worldscientific.com/doi/abs/10.1142/9781786345400_0004},
eprint = {https://www.worldscientific.com/doi/pdf/10.1142/9781786345400_0004}
publisher = WORLD SCIENTIFIC (EUROPE)
address = 
year = 2018
edition = 

}
