@article{edwards2017identification,
  title={On the identification and mitigation of weaknesses in the Knowledge Gradient policy for multi-armed bandits},
  author={Edwards, James and Fearnhead, Paul and Glazebrook, Kevin},
  journal={Probability in the Engineering and Informational Sciences},
  volume={31},
  number={2},
  pages={239--263},
  year={2017},
  publisher={Cambridge University Press}
}
