@misc{5768a9d3c07a417abe2c1027eb9663db,
title = "Exploration and exploitation in Bayes sequential decision problems",
keywords = "Multi-armed bandit problem, Statistical learning, Operational research, Dynamic optimization , Statistical modelling, Dynamic programming, Gittins index, Bayesian statistics",
author = "James Edwards",
year = "2016",
publisher = "Lancaster University",
school = "Lancaster University",
}
