@Article{edwards2019selecting,
  Title                    = {Selecting multiple web adverts: A contextual multi-armed bandit with state uncertainty},
  Author                   = {James A. Edwards and David S. Leslie},
  Journal                  = {Journal of the Operational Research Society},
  Year                     = {2019},
  Number                   = {0},
  Pages                    = {1-17},
  Volume                   = {0},

  Doi                      = {10.1080/01605682.2018.1546650},
  Eprint                   = { 
 https://doi.org/10.1080/01605682.2018.1546650
 
},
  Publisher                = {Taylor \& Francis},
  Url                      = { 
 https://doi.org/10.1080/01605682.2018.1546650
 
}
}
